@inproceedings{arnold2000programming,
    title={Programming by voice, {{VocalProgramming}}},
    author={Arnold, Stephen C and Mark, Leo and Goldthwaite, John},
    booktitle={Proceedings of the fourth international ACM conference on Assistive technologies},
    pages={149--155},
    year={2000}
}

@inproceedings{begel2005spoken,
    title={Spoken programs},
    author={Begel, Andrew and Graham, Susan L},
    booktitle={2005 IEEE Symposium on Visual Languages and Human-Centric Computing (VL/HCC'05)},
    pages={99--106},
    year={2005},
    organization={IEEE}
}

@inproceedings{leopold1997keyboardless,
    title={Keyboardless visual programming using voice, handwriting, and gesture},
    author={Leopold, Jennifer L and Ambler, Allen L},
    booktitle={Proceedings. 1997 IEEE Symposium on Visual Languages (Cat. No. 97TB100180)},
    pages={28--35},
    year={1997},
    organization={IEEE}
}

@article{chkroun2019lia,
    title={Lia: A virtual assistant that can be taught new commands by speech},
    author={Chkroun, Merav and Azaria, Amos},
    journal={International Journal of Human--Computer Interaction},
    volume={35},
    number={17},
    pages={1596--1607},
    year={2019},
    publisher={Taylor \& Francis}
}

@inproceedings{considine2022tidyparse,
    author={Considine, Breandan and Guo, Jin and Si, Xujie},
    title={{Tidyparse: Real-Time Context-Free Error Correction}},
    year={2022},
    booktitle={Workshop on Live Programming},
    url={https://github.com/tidyparse/tidyparse},
}

@article{shaw2022myths,
    title={Myths and mythconceptions: What does it mean to be a programming language, anyhow?},
    author={Shaw, Mary},
    journal={Proceedings of the ACM on Programming Languages},
    volume={4},
    number={HOPL},
    pages={1--44},
    year={2022},
    publisher={ACM New York, NY, USA}
}

@inproceedings{omar2021filling,
    title={Filling typed holes with live {GUIs}},
    author={Omar, Cyrus and Moon, David and Blinn, Andrew and Voysey, Ian and Collins, Nick and Chugh, Ravi},
    booktitle={Proceedings of the 42nd ACM SIGPLAN International Conference on Programming Language Design and Implementation},
    pages={511--525},
    year={2021}
}


@article{dijkstra1979foolishness,
    title={On the foolishness of natural language programming},
    author={Dijkstra, Edsger W},
    journal={Program Construction, International Summer School},
    pages={51--53},
    year={1979}
}


@article{droppo2021scaling,
    title={Scaling laws for acoustic models},
    author={Droppo, Jasha and Elibol, Oguz},
    journal={arXiv preprint arXiv:2106.09488},
    year={2021}
}

@inproceedings{pandey2022accessibility,
    title={Accessibility of UI Frameworks and Libraries for Programmers with Visual Impairments},
    author={Pandey, Maulishree and Bondre, Sharvari and Oâ€™Modhrain, Sile and Oney, Steve},
    booktitle={2022 IEEE Symposium on Visual Languages and Human-Centric Computing (VL/HCC)},
    pages={1--10},
    year={2022},
    organization={IEEE}
}
